
@article{mccallum_mallet:_2002,
	title = {Mallet: A machine learning for language toolkit},
	shorttitle = {Mallet},
	url = {http://www.citeulike.org/group/3030/article/1062263},
	urldate = {2013-05-15},
	author = {{McCallum}, Andrew Kachites},
	year = {2002},
	file = {Snapshot:/Users/alex/Library/Application Support/Zotero/Profiles/tvrvlqkg.default/zotero/storage/M6JGQB48/1062263.html:text/html}
},

@article{blei_latent_2003,
	title = {Latent dirichlet allocation},
	volume = {3},
	url = {http://dl.acm.org/citation.cfm?id=944937},
	urldate = {2013-05-15},
	journal = {the Journal of machine Learning research},
	author = {Blei, David M. and Ng, Andrew Y. and Jordan, Michael I.},
	year = {2003},
	pages = {993–1022},
	file = {[PDF] from adelaide.edu.au:/Users/alex/Library/Application Support/Zotero/Profiles/tvrvlqkg.default/zotero/storage/TJSVSMPZ/Blei et al. - 2003 - Latent dirichlet allocation.pdf:application/pdf;Snapshot:/Users/alex/Library/Application Support/Zotero/Profiles/tvrvlqkg.default/zotero/storage/C567RKBD/citation.html:text/html}
},

@inproceedings{bird_nltk:_2006,
	title = {{NLTK:} the natural language toolkit},
	shorttitle = {{NLTK}},
	url = {http://dl.acm.org/citation.cfm?id=1225421},
	urldate = {2013-05-15},
	booktitle = {Proceedings of the {COLING/ACL} on Interactive presentation sessions},
	author = {Bird, Steven},
	year = {2006},
	pages = {69–72},
	file = {[PDF] from upenn.edu:/Users/alex/Library/Application Support/Zotero/Profiles/tvrvlqkg.default/zotero/storage/36655CU3/Bird - 2006 - NLTK the natural language toolkit.pdf:application/pdf;Snapshot:/Users/alex/Library/Application Support/Zotero/Profiles/tvrvlqkg.default/zotero/storage/6A68B99X/citation.html:text/html}
},

@article{blei_distance_2011,
	title = {Distance dependent Chinese restaurant processes},
	volume = {12},
	url = {http://dl.acm.org/citation.cfm?id=2078184},
	urldate = {2013-04-16},
	journal = {The Journal of Machine Learning Research},
	author = {Blei, David M. and Frazier, Peter I.},
	year = {2011},
	pages = {2461–2488},
	file = {p2461-blei.pdf:/Users/alex/Library/Application Support/Zotero/Profiles/tvrvlqkg.default/zotero/storage/68DIAQ8S/p2461-blei.pdf:application/pdf;Snapshot:/Users/alex/Library/Application Support/Zotero/Profiles/tvrvlqkg.default/zotero/storage/CSPKADZE/citation.html:text/html}
},

@inproceedings{nguyen_sits:_2012,
	title = {{SITS:} a hierarchical nonparametric model using speaker identity for topic segmentation in multiparty conversations},
	shorttitle = {{SITS}},
	url = {http://dl.acm.org/citation.cfm?id=2390536},
	urldate = {2013-04-16},
	booktitle = {Proceedings of the 50th Annual Meeting of the Association for Computational Linguistics: Long Papers-Volume 1},
	author = {Nguyen, Viet-An and Boyd-Graber, Jordan and Resnik, Philip},
	year = {2012},
	pages = {78–87},
	file = {[PDF] from harvard.edu:/Users/alex/Library/Application Support/Zotero/Profiles/tvrvlqkg.default/zotero/storage/Z6FRG9VF/Nguyen et al. - 2012 - SITS a hierarchical nonparametric model using spe.pdf:application/pdf;Snapshot:/Users/alex/Library/Application Support/Zotero/Profiles/tvrvlqkg.default/zotero/storage/3WWJHH7A/citation.html:text/html}
}